@online{Fowler2014,
	Author = {Martin Fowler},
	Title = {{Microservices}},
	Url = {https://martinfowler.com/articles/microservices.html},
	Urldate = {2018-10-22},
	Month = {3},
	Year = {2014}}

@book{Reese2009,
	Author = {George Reese},
	Edition = {1. Auflage},
	Keywords = {Cloud Architectures},
	Month = {4},
	Publisher = {O'Reilly Media},
	Title={Cloud Application Architectures: Building Applications and Infrastructure in the Cloud},
	isbn={9780596156367},
	Year = {2009}}

